
    <marc:record>
        <marc:leader>01279cam a22003732  4500</marc:leader>
        <marc:controlfield tag="001">707452</marc:controlfield>
        <marc:controlfield tag="005">20221001083631.0</marc:controlfield>
        <marc:controlfield tag="008">950316s1911    enk           000 0 eng d</marc:controlfield>
        <marc:datafield tag="016" ind1="7" ind2=" ">
            <marc:subfield code="a">CAT10931697</marc:subfield>
            <marc:subfield code="2">DNAL</marc:subfield>
        </marc:datafield>
        <marc:datafield tag="035" ind1=" " ind2=" ">
            <marc:subfield code="a">(OCoLC)ocm35659205</marc:subfield>
        </marc:datafield>
        <marc:datafield tag="035" ind1=" " ind2=" ">
            <marc:subfield code="a">707452</marc:subfield>
        </marc:datafield>
        <marc:datafield tag="040" ind1=" " ind2=" ">
            <marc:subfield code="a">ZCU</marc:subfield>
            <marc:subfield code="b">eng</marc:subfield>
            <marc:subfield code="c">ZCU</marc:subfield>
            <marc:subfield code="d">OCLCQ</marc:subfield>
            <marc:subfield code="d">OCLCO</marc:subfield>
            <marc:subfield code="d">OCLCQ</marc:subfield>
            <marc:subfield code="d">OCLCO</marc:subfield>
            <marc:subfield code="d">AGL</marc:subfield>
        </marc:datafield>
        <marc:datafield tag="041" ind1="0" ind2=" ">
            <marc:subfield code="a">eng</marc:subfield>
            <marc:subfield code="a">tam</marc:subfield>
        </marc:datafield>
        <marc:datafield tag="049" ind1=" " ind2=" ">
            <marc:subfield code="a">AGLL</marc:subfield>
        </marc:datafield>
        <marc:datafield tag="070" ind1="0" ind2=" ">
            <marc:subfield code="a">209</marc:subfield>
            <marc:subfield code="b">W63 Ed.2</marc:subfield>
        </marc:datafield>
        <marc:datafield tag="072" ind1=" " ind2="0">
            <marc:subfield code="a">X000</marc:subfield>
        </marc:datafield>
        <marc:datafield tag="100" ind1="1" ind2=" ">
            <marc:subfield code="a">Wickremasinghe, Don M. de Z.,</marc:subfield>
            <marc:subfield code="d">1865-1937.</marc:subfield>
        </marc:datafield>
        <marc:datafield tag="245" ind1="1" ind2="0">
            <marc:subfield code="a">Tamil grammar self-taught. :</marc:subfield>
            <marc:subfield code="b">(In Tamil and Roman characters) /</marc:subfield>
            <marc:subfield code="c">Martino de Zilva Wickermawsinghe.</marc:subfield>
        </marc:datafield>
        <marc:datafield tag="250" ind1=" " ind2=" ">
            <marc:subfield code="a">2d ed.</marc:subfield>
        </marc:datafield>
        <marc:datafield tag="260" ind1=" " ind2=" ">
            <marc:subfield code="a">London,</marc:subfield>
            <marc:subfield code="b">E. Marlborough,</marc:subfield>
            <marc:subfield code="c">[1911]</marc:subfield>
        </marc:datafield>
        <marc:datafield tag="300" ind1=" " ind2=" ">
            <marc:subfield code="a">96 pages.</marc:subfield>
        </marc:datafield>
        <marc:datafield tag="336" ind1=" " ind2=" ">
            <marc:subfield code="a">text</marc:subfield>
            <marc:subfield code="b">txt</marc:subfield>
            <marc:subfield code="2">rdacontent</marc:subfield>
        </marc:datafield>
        <marc:datafield tag="337" ind1=" " ind2=" ">
            <marc:subfield code="a">unmediated</marc:subfield>
            <marc:subfield code="b">n</marc:subfield>
            <marc:subfield code="2">rdamedia</marc:subfield>
        </marc:datafield>
        <marc:datafield tag="338" ind1=" " ind2=" ">
            <marc:subfield code="a">volume</marc:subfield>
            <marc:subfield code="b">nc</marc:subfield>
            <marc:subfield code="2">rdacarrier</marc:subfield>
        </marc:datafield>
        <marc:datafield tag="490" ind1="1" ind2=" ">
            <marc:subfield code="a">Marlborough's self-taught series</marc:subfield>
        </marc:datafield>
        <marc:datafield tag="650" ind1=" " ind2="0">
            <marc:subfield code="a">Tamil language</marc:subfield>
            <marc:subfield code="v">Conversation and phrase books.</marc:subfield>
        </marc:datafield>
        <marc:datafield tag="650" ind1=" " ind2="7">
            <marc:subfield code="a">Tamil language.</marc:subfield>
            <marc:subfield code="2">fast</marc:subfield>
            <marc:subfield code="0">(OCoLC)fst01142467</marc:subfield>
        </marc:datafield>
        <marc:datafield tag="650" ind1="1" ind2="7">
            <marc:subfield code="a">Tamil (taal)</marc:subfield>
            <marc:subfield code="2">gtt</marc:subfield>
        </marc:datafield>
        <marc:datafield tag="650" ind1=" " ind2="3">
            <marc:subfield code="a">information sources</marc:subfield>
            <marc:subfield code="9">auto-assigned by category code</marc:subfield>
        </marc:datafield>
        <marc:datafield tag="655" ind1=" " ind2="7">
            <marc:subfield code="a">Conversation and phrase books.</marc:subfield>
            <marc:subfield code="2">fast</marc:subfield>
            <marc:subfield code="0">(OCoLC)fst01423775</marc:subfield>
        </marc:datafield>
        <marc:datafield tag="830" ind1=" " ind2="0">
            <marc:subfield code="a">Marlborough's self-taught series.</marc:subfield>
        </marc:datafield>
        <marc:datafield tag="930" ind1=" " ind2=" ">
            <marc:subfield code="a">20221001</marc:subfield>
            <marc:subfield code="b">00000000</marc:subfield>
            <marc:subfield code="c">00000000</marc:subfield>
        </marc:datafield>
        <marc:datafield tag="946" ind1=" " ind2=" ">
            <marc:subfield code="a">Non-US</marc:subfield>
        </marc:datafield>
        <marc:datafield tag="959" ind1=" " ind2=" ">
            <marc:subfield code="a"/>
            <marc:subfield code="c">2022/10/01</marc:subfield>
            <marc:subfield code="e">cmartinez</marc:subfield>
            <marc:subfield code="g">upgrade</marc:subfield>
        </marc:datafield>
    </marc:record>